@article{huth2016natural,
  title={Natural speech reveals the semantic maps that tile human cerebral cortex},
  author={Huth, Alexander G and de Heer, Wendy A and Griffiths, Thomas L and Theunissen, Fr{\'e}d{\'e}ric E and Gallant, Jack L},
  journal={Nature},
  volume={532},
  number={7600},
  pages={453--458},
  year={2016},
  publisher={Nature Publishing Group}
}
